@inproceedings{szubert2014temporal,
  title={Temporal difference learning of n-tuple networks for the game 2048},
  author={Szubert, Marcin and Ja{\'s}kowski, Wojciech},
  booktitle={2014 IEEE Conference on Computational Intelligence and Games},
  pages={1--8},
  year={2014},
  organization={IEEE}
}
