@article{lawhern2018eegnet,
  title={EEGNet: a compact convolutional neural network for EEG-based brain--computer interfaces},
  author={Lawhern, Vernon J and Solon, Amelia J and Waytowich, Nicholas R and Gordon, Stephen M and Hung, Chou P and Lance, Brent J},
  journal={Journal of neural engineering},
  volume={15},
  number={5},
  pages={056013},
  year={2018},
  publisher={IOP Publishing}
}
@article{paszke2017automatic,
  title={Automatic differentiation in pytorch},
  author={Paszke, Adam and Gross, Sam and Chintala, Soumith and Chanan, Gregory and Yang, Edward and DeVito, Zachary and Lin, Zeming and Desmaison, Alban and Antiga, Luca and Lerer, Adam},
  year={2017}
}
@ONLINE {iangoodfellow2016,
    author = "Ian Goodfellow",
    title  = "In deep learning, why don't we use the whole training set to compute the gradient?",
    month  = "nov",
    year   = "2016",
    url    = "https://www.quora.com/In-deep-learning-why-dont-we-use-the-whole-training-set-to-compute-the-gradient"
}
